<?xml version="1.0" encoding="UTF-8"?><record xmlns="http://www.loc.gov/MARC21/slim" xmlns:cinclude="http://apache.org/cocoon/include/1.0" xmlns:zs="http://www.loc.gov/zing/srw/">
  <leader>00422nz  a2200121n  4500</leader>
  <controlfield tag="001">n  84137223 </controlfield>
  <controlfield tag="003">DLC</controlfield>
  <controlfield tag="005">19850417163043.0</controlfield>
  <controlfield tag="008">850329n| acannaab|          |n aaa ||| c</controlfield>
  <datafield tag="010" ind1=" " ind2=" ">
    <subfield code="a">n  84137223 </subfield>
  </datafield>
  <datafield tag="040" ind1=" " ind2=" ">
    <subfield code="a">DGPO</subfield>
    <subfield code="c">DLC</subfield>
    <subfield code="d">DLC</subfield>
  </datafield>
  <datafield tag="100" ind1="1" ind2="0">
    <subfield code="a">Crance, Johnie H.</subfield>
  </datafield>
  <datafield tag="670" ind1=" " ind2=" ">
    <subfield code="a">Her Habitat suitability index models and instream flow suitability curves, 1984:</subfield>
    <subfield code="b">title page (Johnie H. Crance, U.S. Fish and Wildlife Svce., Fort Collins, Colo.)</subfield>
  </datafield>
</record>